@IEEEtranBSTCTL{IEEEexample:BSTcontrol,
	CTLuse_forced_etal = "yes",
	CTLmax_names_forced_etal = "2",
	CTLnames_show_etal = "1",
	CTLdash_repeated_names = "no"
}

@inproceedings{laprie1985dependable,
	author    = {Laprie, Jean-Claude},
	title     = {Dependable Computing and Fault Tolerance: Concepts and terminology},
	booktitle = {Proceedings of the 15th {IEEE} International Symposium on Fault Tolerant Computing ({FTCS})},
	pages     = {2--11},
	month     = Jun,
	year      = {1985},
	address   = {Ann Arbor, {MI}, {USA}}
}

@book{villemeur1988surete,
	author    = {Villemeur, Alain},
	title     = {Sûreté de fonctionnement des systèmes industriels : fiabilité, facteur humain, informatisation},
	year      = {1988},
	publisher = {Eyrolles}
}